@comment{x-kbibtex-personnameformatting=<%l><, %f>}

@article{pythm001,
	author = "Pythagoras, Of Samos",
	journal = "Some old journal",
	month = feb,
	number = "1",
	title = "{Theorem}",
	volume = "1",
	year = "-580"
}

@article{euclides300,
	author = "Euclides, Of Alexandria",
	journal = "Self-published",
	month = feb,
	number = "1",
	title = "{Elements}",
	volume = "1",
	year = "-300"
}

@book{lavalle2006planning,
  title={Planning algorithms},
  author={LaValle, Steven M},
  year={2006},
  publisher={Cambridge university press}
}