@comment{x-kbibtex-personnameformatting=<%l><, %f>}

@article{pythm001,
	author = "Pythagoras, Of Samos",
	journal = "Some old journal",
	month = feb,
	number = "1",
	title = "{Theorem}",
	volume = "1",
	year = "-580"
}

@article{euclides300,
	author = "Euclides, Of Alexandria",
	journal = "Self-published",
	month = feb,
	number = "1",
	title = "{Elements}",
	volume = "1",
	year = "-300"
}

@book{lavalle2006planning,
  title={Planning algorithms},
  author={LaValle, Steven M},
  year={2006},
  publisher={Cambridge university press}
}

@article{lavalle1998rapidly,
  title={Rapidly-exploring random trees: A new tool for path planning},
  author={LaValle, Steven M},
  year={1998},
  publisher={Citeseer}
}

@book{kavraki1994probabilistic,
  title={Probabilistic roadmaps for path planning in high-dimensional configuration spaces},
  author={Kavraki, Lydia and Svestka, Petr and Overmars, Mark H},
  volume={1994},
  year={1994},
  publisher={Unknown Publisher}
}

@article{donald1993kinodynamic,
  title={Kinodynamic motion planning},
  author={Donald, Bruce and Xavier, Patrick and Canny, John and Reif, John},
  journal={Journal of the ACM (JACM)},
  volume={40},
  number={5},
  pages={1048--1066},
  year={1993},
  publisher={ACM}
}

@inproceedings{singh2001trajectory,
  title={Trajectory generation for a UAV in urban terrain, using nonlinear MPC},
  author={Singh, Leena and Fuller, James},
  booktitle={American Control Conference, 2001. Proceedings of the 2001},
  volume={3},
  pages={2301--2308},
  year={2001},
  organization={IEEE}
}


@inproceedings{kamel2015fast,
  title={Fast nonlinear model predictive control for multicopter attitude tracking on SO (3)},
  author={Kamel, Mina and Alexis, Kostas and Achtelik, Markus and Siegwart, Roland},
  booktitle={Control Applications (CCA), 2015 IEEE Conference on},
  pages={1160--1166},
  year={2015},
  organization={IEEE}
}

@inproceedings{neunert2016fast,
  title={Fast nonlinear model predictive control for unified trajectory optimization and tracking},
  author={Neunert, Michael and De Crousaz, C{\'e}dric and Furrer, Fadri and Kamel, Mina and Farshidian, Farbod and Siegwart, Roland and Buchli, Jonas},
  booktitle={Robotics and Automation (ICRA), 2016 IEEE International Conference on},
  pages={1398--1404},
  year={2016},
  organization={IEEE}
}

@inproceedings{mellinger2011minimum,
  title={Minimum snap trajectory generation and control for quadrotors},
  author={Mellinger, Daniel and Kumar, Vijay},
  booktitle={Robotics and Automation (ICRA), 2011 IEEE International Conference on},
  pages={2520--2525},
  year={2011},
  organization={IEEE}
}

@incollection{richter2016polynomial,
  title={Polynomial trajectory planning for aggressive quadrotor flight in dense indoor environments},
  author={Richter, Charles and Bry, Adam and Roy, Nicholas},
  booktitle={Robotics Research},
  pages={649--666},
  year={2016},
  publisher={Springer}
}

@inproceedings{webb2013kinodynamic,
  title={Kinodynamic RRT*: Asymptotically optimal motion planning for robots with linear dynamics},
  author={Webb, Dustin J and van den Berg, Jur},
  booktitle={Robotics and Automation (ICRA), 2013 IEEE International Conference on},
  pages={5054--5061},
  year={2013},
  organization={IEEE}
}

@inproceedings{bry2011rapidly,
  title={Rapidly-exploring random belief trees for motion planning under uncertainty},
  author={Bry, Adam and Roy, Nicholas},
  booktitle={Robotics and Automation (ICRA), 2011 IEEE International Conference on},
  pages={723--730},
  year={2011},
  organization={IEEE}
}

@INPROCEEDINGS{shen2017gradient, 
author={F. Gao and Y. Lin and S. Shen}, 
booktitle={2017 IEEE/RSJ International Conference on Intelligent Robots and Systems (IROS)}, 
title={Gradient-based online safe trajectory generation for quadrotor flight in complex environments}, 
year={2017}, 
volume={}, 
number={}, 
pages={3681-3688}, 
keywords={aerospace safety;autonomous aerial vehicles;collision avoidance;helicopters;mobile robots;optimisation;path planning;robot vision;state estimation;stereo image processing;trajectory control;safe trajectory generation;quadrotor flight;complex environments;trajectory generation framework;quadrotor autonomous navigation;gradient information;trajectory generation problem;front-end path;back-end trajectory refinement;informed path searching method;safe path;line segments;initial safe trajectory;dynamical feasibility;smooth trajectories;dynamical feasible trajectories;dense mapping;motion planning module;customized light-weight quadrotor platform;fully autonomous navigation;unknown cluttered indoor;outdoor environments;gradient-based online safe trajectory generation;Planning;State estimation;Safety;Navigation;Trajectory optimization}, 
doi={10.1109/IROS.2017.8206214}, 
ISSN={2153-0866}, 
month={Sep.},}

@INPROCEEDINGS{kumar2017search,
author={S. Liu and N. Atanasov and K. Mohta and V. Kumar},
booktitle={2017 IEEE/RSJ International Conference on Intelligent Robots and Systems (IROS)},
title={Search-based motion planning for quadrotors using linear quadratic minimum time control},
year={2017},
volume={},
number={},
pages={2872-2879},
keywords={aircraft control;collision avoidance;graph theory;helicopters;mobile robots;optimal control;quadratic programming;search problems;quadratic programming;linear quadratic minimum time problem;trajectory generation;quadrotor navigation;fast online re-planning;discretized space;graph-search algorithm;state space;finite lattice discretization;optimal control problem;short-duration motion primitives;minimum-time trajectories;obstacle-cluttered environment;dynamically feasible trajectories;linear quadratic minimum time control;Trajectory;Aerospace electronics;Planning;Acceleration;Optimal control;Lattices;Quadratic programming},
doi={10.1109/IROS.2017.8206119},
ISSN={2153-0866},
month={Sep.},}

@INPROCEEDINGS{seigwart2004pid,
author={S. Bouabdallah and A. Noth and R. Siegwart},
booktitle={2004 IEEE/RSJ International Conference on Intelligent Robots and Systems (IROS) (IEEE Cat. No.04CH37566)},
title={PID vs LQ control techniques applied to an indoor micro quadrotor},
year={2004},
volume={3},
number={},
pages={2451-2456 vol.3},
keywords={three-term control;linear quadratic control;aerospace robotics;helicopters;mobile robots;microrobots;indoor micro quadrotor;PID control;linear quadratic control;miniature flying robots;four-rotor microhelicopter;model-based control techniques;Three-term control;Robot sensing systems;Monitoring;Helicopters;Testing;Unmanned aerial vehicles;Magnetic sensors;Costs;Actuators;Propellers},
doi={10.1109/IROS.2004.1389776},
ISSN={},
month={Sep.},}

@INPROCEEDINGS{seigwart2005backstepping,
author={S. Bouabdallah and R. Siegwart},
booktitle={Proceedings of the 2005 IEEE International Conference on Robotics and Automation},
title={Backstepping and Sliding-mode Techniques Applied to an Indoor Micro Quadrotor},
year={2005},
volume={},
number={},
pages={2247-2252},
keywords={Quadrotor Architecture;VTOL Control;Nonlinear control;Backstepping;Sliding-mode;Backstepping;Propellers;Open loop systems;Sliding mode control;Propulsion;Actuators;Helicopters;Vehicle dynamics;Testing;Buildings;Quadrotor Architecture;VTOL Control;Nonlinear control;Backstepping;Sliding-mode},
doi={10.1109/ROBOT.2005.1570447},
ISSN={1050-4729},
month={April},}

@ARTICLE{lewis2009dynamic,
author={A. Das and K. Subbarao and F. Lewis},
journal={IET Control Theory Applications},
title={Dynamic inversion with zero-dynamics stabilisation for quadrotor control},
year={2009},
volume={3},
number={3},
pages={303-314},
keywords={control system synthesis;feedback;linear systems;linearisation techniques;Lyapunov methods;machine control;nonlinear control systems;robust control;rotors;quadrotor control;zero-dynamics stabilisation;station-keeping controller;tracking controller;dynamic inversion;feedback linearised system;robust control;linear controller gains;Lyapunov-type proof;nonlinear quadrotor dynamic model},
doi={10.1049/iet-cta:20080002},
ISSN={1751-8644},
month={March},}

@INPROCEEDINGS{kumar2011design,
author={D. Mellinger and Q. Lindsey and M. Shomin and V. Kumar},
booktitle={2011 IEEE/RSJ International Conference on Intelligent Robots and Systems},
title={Design, modeling, estimation and control for aerial grasping and manipulation},
year={2011},
volume={},
number={},
pages={2668-2673},
keywords={Grippers;Payloads;Robots;Equations;Vectors;Force;Aerodynamics},
doi={10.1109/IROS.2011.6094871},
ISSN={2153-0866},
month={Sep.},}